@InProceedings{EDA_routing,
author = {Huang-Yu Chen and Yao-Wen Chang},
title = {Global and detailed routing},
chapter = {12},
pages = {687-740}
}


@misc{NEAT,
title={evolving neural networks through augmented topologies},
author={Kenneth O. Stanley and Risto Miikkulainen},
year={2002},
note={Accessed: 2017-03-21}
}

@misc{NEAT115,
title = {Evolving Neural Networks through Augmenting Topologies},
howpublished={\url{http://nn.cs.utexas.edu/downloads/papers/stanley.ec02.pdf}},
author = {Kenneth O. Stanley and Risto Miikkulainen},
year = {2002},
note = {Accessed: 2017-03-21, pages: 115-117}
}

@misc{NEAT108,
title = {Evolving Neural Networks through Augmenting Topologies},
howpublished={\url{http://nn.cs.utexas.edu/downloads/papers/stanley.ec02.pdf}},
author = {Kenneth O. Stanley and Risto Miikkulainen},
year = {2002},
note = {Accessed: 2017-03-21, pages: 108}
}

@misc{NEAT111,
title = {Evolving Neural Networks through Augmenting Topologies},
howpublished={\url{http://nn.cs.utexas.edu/downloads/papers/stanley.ec02.pdf}},
author = {Kenneth O. Stanley and Risto Miikkulainen},
year = {2002},
note = {Accessed: 2017-03-21, pages: 111}
}

@inbook{Digital_Integrated_Circuits,
author= {John E. Ayers},
title={Digital Integrated Circuits},
publisher={CRC PRESS},
year={2005},
pages={17-19}
}

@misc{PCBROUTERS,
title= {PCBROUTERS},
howpublished={\url{http://www.speedingedge.com/PDF-Files/pcbrouters.pdf}},
author={ LEE W. RITCHEY},
year={1999},
note={Accessed:2017-03-20}
}

@misc{Applications_backpropagation,
title= {Some applications of MLPs trained with backpropagation},
howpublished={\url{http://www.cs.upc.edu/~belanche/Docencia/apren/2009-10/Excursiones/Some\%20Applications\%20of\%20Bprop.pdf}},
author={Llu√≠s A. Belanche},
year={2010/11},
note={Accessed:2017-03-18}
}
@misc{NI,
title= {Best practices in PCB Design - National Instruments},
howpublished={\url{http://www.ni.com/tutorial/6880/en/\#toc8}},
author={National Instruments},
year={2017},
note={Accessed:2017-03-20}
}

@misc{BackProp,
title= {Learning sets of filters using back-propagation},
howpublished={\url{http://www.cs.toronto.edu/~fritz/absps/plautfilters.pdf}},
author={David C. Plaut and Geoffrey E. Hinton},
year={1987},
note={Accessed:2017-03-18}
}
@misc{NNHistory,
title= {History: The 1940's to the 1970's},
howpublished={\url{https://cs.stanford.edu/people/eroberts/courses/soco/projects/neural-networks/History/history1.html}},
author={Eric Roberts},
note={Accessed:2017-03-18}
}

@misc{NNHistory2,
title= {History: The 1940's to the 1970's},
howpublished={\url{https://cs.stanford.edu/people/eroberts/courses/soco/projects/neural-networks/Applications/index.html}},
author={Eric Roberts},
note={Accessed:2017-03-18}
}
@book{bennett1991genetic,
  title={A genetic algorithm for database query optimization},
  author={Bennett, Kristin and Ferris, Michael C and Ioannidis, Yannis E},
  year={1991},
  publisher={Computer Sciences Department, University of Wisconsin, Center for Parallel Optimization}
}
@article{mosetti1994optimization,
  title={Optimization of wind turbine positioning in large windfarms by means of a genetic algorithm},
  author={Mosetti, GPCDB and Poloni, Carlo and Diviacco, B},
  journal={Journal of Wind Engineering and Industrial Aerodynamics},
  volume={51},
  number={1},
  pages={105--116},
  year={1994},
  publisher={Elsevier}
}


@misc{Routing11,
title= {Global routing},
howpublished={\url{http://www.facweb.iitkgp.ernet.in/~isg/CAD/SLIDES/11-global-routing.pdf}},
author={Indranil Sen Gupta},
note={Accessed:2017-03-19}
}

@misc{redbloggames,
title= {Global routing},
howpublished={\url{http://www.redblobgames.com/pathfinding/tower-defense/}},
author={Red Blog Games},
year={2016},
note={Accessed:2017-03-20}
}

@book{idash,
author={Charles E. Leiserson, Tao B. Schardl },
title={A Work-Efficient Parallel Breadth-First Search Algorithm (or How to Cope with the Nondeterminism of Reducers) },
publisher={MIT Computer Science and Artificial Intelligence Laboratory},
year={2010}
}

@article{lee, 
author={C. Y. Lee}, 
journal={IRE Transactions on Electronic Computers}, 
title={An Algorithm for Path Connections and Its Applications}, 
year={1961}, 
volume={EC-10}, 
number={3}, 
pages={346-365}, 
keywords={Application software;Auditory system;Optical diffraction;Pattern recognition;Physical optics;Telephony;Transportation;Utility programs;Wiring}, 
doi={10.1109/TEC.1961.5219222}, 
ISSN={0367-9950}, 
month={Sept}
}

@misc{stanford,
title= {Introduction to A*},
howpublished={\url{http://theory.stanford.edu/~amitp/GameProgramming/AStarComparison.html}},
author={Red Blog Games},
year={2016},
note={Accessed:2017-03-20}
}

@misc{russell,
  title={Artificial intelligence: a modern approach (3rd edition)},
  author={Russell, Stuart Jonathan and Norvig, Peter},
  year={2009},
  publisher={Prentice Hall},
note={pages 97-104}
}

@misc{stanford2,
title= {Heuristics},
howpublished={\url{http://theory.stanford.edu/~amitp/GameProgramming/Heuristics.html}},
author={Red Blog Games},
year={2016},
note={Accessed:2017-03-19}
}


